@article{github,
	title={Github - repositorio de código del proyecto},
	author={GitHub},
	journal={https://github.com/slavcho87/Simulator},
}

@article{unityGameEngine,
	title={Unity - Game Engine},
	author={Unity Tecnologies},
	journal={https://unity3d.com/es},
}

@article{unityTutoriales,
	title={Unity - Video tutoriales},
	author={Unity Tecnologies},
	journal = {https://unity3d.com/es/learn/tutorials},
}


@article{cityEngine,
	title={CityEngine - 3D Modeling Software for Urban Environments},
	author={Esri},
	journal = {http://www.esri.com/software/cityengine},
}

@article{angularJS,
	title={Angular.js - JavaScript MVW Framework},
	author={Google},
	journal = {https://angularjs.org/},
}

@article{noderJS,
	title={Node.js - javaScript server-side framework},
	author={Node.js Foundation},
	journal = {https://nodejs.org/en/},
}

@article{tutorialesAngularJS,
	title={Angular.js - video tutoriales},
	author={Jesús Conde},
	journal = {https://www.youtube.com/playlist?list=PLEtcGQaT56cgHfdvGguisToK90z321pRl},
}

@article{tutorialesNodeJS,
	title={Node.js - video tutoriales},
	author={Jesús Conde},
	journal = {https://www.youtube.com/playlist?list=PL38CA7BD8CB5F3FF9},
}

@article{webTokenAutentificacion,
	title={Autenticación basada en token con AngularJS y NodeJS},
	author={Hüseyin Babal},
	journal = {http://code.tutsplus.com/es/tutorials/token-based-authentication-with-angularjs-nodejs--cms-22543},
}

@article{distanciaEntreDosPuntos,
	title={Calcular distancia entre dos coordenadas geográficas},
	author={Movable Type Ltd},
	journal = {http://www.movable-type.co.uk/scripts/latlong.html},
}

@article{rumboAxumit,
	title={Dirección de una línea (Rumbo y Azimut)},
	author={Blog Doble Vías - Transporte e ingeniería},
	journal = {https://doblevia.wordpress.com/2007/07/25/direccion-de-una-linea-rumbo-y-azimut/},
}

@article{navegacionPorEstina,
	title={Cálculos de navegación por estima},
	author={Blog Doble Vías - Transporte e ingeniería},
	journal = {http://mercatorlab.com/downloads/loxodromia.java},
}

@article{socketsIO,
	title={Socket.io - framework de Node.js},
	author={MIT},
	journal = {http://socket.io/},
}

@article{socketsIODemo,
	title={Socket.io - chat demo},
	author={MIT},
	journal = {http://socket.io/demos/chat/},
}

@article{git,
	title={Git - sistema de control de versiones
	},
	author={Software Freedom Conservancy},
	journal = {https://git-scm.com/},
}

@article{brackets,
	title={Brackets.io - editor de código},
	author={Adobe Systems Incorporated},
	journal = {http://brackets.io/},
}

@article{eclipse,
	title={Eclipse - editor de código Java},
	author={The Eclipse Foundation},
	journal = {https://eclipse.org/},
}
		